@string{entcs  = "Electronic Notes in Theoretical Computer Science"}
@string{lncs   = "Lecture Notes in Computer Science"}
@string{lnai   = "Lecture Notes in Artificial Intelligence"}
@string{j-jucs = "Journal of Universal Computer Science"}
@string{tcs    = "Theoretical Computer Science"}
@string{jacm   = "Journal of the ACM"}
@string{jar    = "Journal of Automated Reasoning"}
@string{sigplan = "ACM SIG{\-}PLAN Notices"}

@string{acm   = "ACM press"}
@string{ieee  = "IEEE Computer Society"}
@string{springer  = "Springer"}

@string{cade   = "Proc. Conference on Automated Deduction (CADE)"}
@string{cav    = "Computer Aided Verification (CAV)"}
@string{cp     = "Principles and Practice of Constraint Programming
                 (CP)"}
@string{csl    = "Computer Science Logic (CSL)"}
@string{dac    = "Design Automation Conference (DAC)"}
@string{esop   = "European Symposium on Programming (ESOP)"}
@string{fmcad  = "Formal Methods In Computer-Aided Design (FMCAD)"}
@string{frocos = "Frontiers of Combining Systems ({FroCoS})"}
@string{iccad  = "{IEEE} International Conference on Computer-Aided
                 Design (ICCAD)"}
@string{ictac  = "International Conference on Theoretical
  Aspects of Computing (ICTAC)"}
@string{ifm    = "Integrated Formal Methods (IFM)"}
@string{ijcar  = "International Joint Conference on Automated Reasoning
                 (IJCAR)"}
@string{jelia  = "Proc. European Conference Logics in Artificial Intelligence (JELIA)"}
@string{lics   = "Logic In Computer Science (LICS)"}
@string{lpar   = "Logic for Programming, Artificial Intelligence, and
                  Reasoning (LPAR)"}
@string{pdpar  = "Pragmatics of Decision Procedures in Automated Reasoning 
                  (PDPAR)"}
@string{smt    = "International Workshop on Satisfiability Modulo Theories (SMT)"}
@string{rta    = "Rewriting Techniques and Applications (RTA)"}
@string{tacas  = "Tools and Algorithms for Construction and Analysis of
                 Systems (TACAS)"}

@Misc{Barrett15,
  author       = "Clark Barrett and Aaron Stump and Cesare Tinelli",
  title        = "The {SMT-LIB} Standard : Version 2.0",
  month        = dec,
  year         = "2010",
}

@InCollection{Barrett14,
  author =       "Clark Barrett and Roberto Sebastiani and Sanjit A.
                 Seshia and Cesare Tinelli",
  title =        "Satisfiability Modulo Theories",
  chapter =      "26",
  pages =        "825--885",
  editor =       "Armin Biere and Marijn J. H. Heule and Hans van Maaren
                 and Toby Walsh",
  booktitle =    "Handbook of Satisfiability",
  publisher =    "IOS Press",
  year =         "2009",
  month =        feb,
  volume =       "185",
  ISBN =         "978-1-58603-929-5",
  ISSN =         "0922-6389",
  series =       "Frontiers in Artificial Intelligence and
                 Applications",
}

@InProceedings{Ge1,
  author =       "Yeting Ge and Clark Barrett and Cesare Tinelli",
  title =        "Solving Quantified Verification Conditions using
                 Satisfiability Modulo Theories",
  booktitle =    cade,
  pages =        "167--182",
  location =     "Bremen, Germany",
  series =       lncs,
  volume =       "4603",
  year =         "2007",
  editor =       "F.~Pfenning",
  volume =       "",
  series =       lncs,
  publisher =    "Springer",
  URL =          "ftp://ftp.cs.uiowa.edu/pub/tinelli/papers/GeBT-CADE-07.pdf",
}

@inproceedings{Ge2,
  author    = {Yeting Ge and
               Leonardo Mendon\c{c}a de Moura},
  title     = {Complete Instantiation for Quantified Formulas in Satisfiabiliby
               Modulo Theories},
  booktitle = {CAV},
  year      = {2009},
  pages     = {306-320},
  editor    = {Ahmed Bouajjani and
               Oded Maler},
  publisher = {Springer},
  series    = lncs,
  volume    = {5643},
  mysubject = "instantiation",
}

@inproceedings{Borralleras1,
  author    = {Cristina Borralleras and
               Salvador Lucas and
               Rafael Navarro-Marset and
               Enric Rodr\'{\i}guez-Carbonell and
               Albert Rubio},
  title     = {Solving Non-linear Polynomial Arithmetic via SAT Modulo
               Linear Arithmetic},
  booktitle = {CADE},
  year      = {2009},
  pages     = {294-305},
  ee        = {http://dx.doi.org/10.1007/978-3-642-02959-2_23},
  crossref  = {DBLP:conf/cade/2009},
  bibsource = {DBLP, http://dblp.uni-trier.de}
}

@Article{Nelson2,
  author       = "Greg Nelson and Derek C. Oppen",
  title        = "Fast Decision Procedures Based on Congruence Closure",
  journal      = jacm,
  volume       = "27",
  number       = "2",
  pages        = "356--364",
  year         = "1980",
  month        = apr,
  mysubject    = "combinations",
  mysubject    = "congruence",
}

@InProceedings{Moura9,
  author =       "Leonardo Mendon\c{c}a de Moura and Nikolaj
                 Bj{\o}rner",
  title =        "Efficient {E}-Matching for {SMT} Solvers",
  booktitle =    cade,
  year =         "2007",
  pages =        "183--198",
  editor =       "Frank Pfenning",
  publisher =    "Springer",
  series =       lncs,
  volume =       "4603",
  year =         "2007",
  mysubject =    "instantiation",
}

@Article{Nieuwenhuis6,
  author =       "Robert Nieuwenhuis and Albert Oliveras",
  title =        "Fast congruence closure and extensions",
  journal =      "Information and Computation",
  volume =       "205",
  number =       "4",
  year =         "2007",
  pages =        "557--580",
  publisher =    "Academic Press, Inc.",
  address =      "Duluth, MN, USA",
}

@InProceedings{Dutertre1,
  title =        "{A Fast Linear-Arithmetic Solver for DPLL(T)}",
  author =       "Bruno Dutertre and Leonardo de Moura",
  booktitle =    cav,
  series =       lncs,
  pages =        "81--94",
  editors =      "T. Ball and R. B. Jones",
  volume =       "4144",
  publisher =    "Springer-Verlag",
  year =         "2006",
  mysubject    = "arithmetic",
}


@Article{Nelson3,
  author       = "Greg Nelson and Derek C. Oppen",
  title        = "Simplifications by Cooperating Decision Procedures",
  journal      = "ACM Transactions on Programming Languages and
                 Systems",
  volume       = "1",
  number       = "2",
  year         = "1979",
  pages        = "245--257",
  month        = oct,
  mysubject    = "combinations",
  mysubject    = "congruence",
}

@InProceedings{Tinelli1,
  author       = "Cesare Tinelli and Mehdi T.~Harandi",
  title        = "A new correctness proof of the {N}elson--{O}ppen
                 combination procedure",
  editor       = "F.~Baader and Klaus U.~Schulz",
  booktitle    = frocos,
  year         = "1996",
  month        = mar,
  publisher    = "Kluwer Academic Publishers",
  series       = "Applied Logic",
  pages        = "103--120",
  URL          = "citeseer.nj.nec.com/tinelli96new.html",
  mysubject    = "combinations",
}

@InProceedings{Bozzano6,
  author =       "Marco Bozzano and Roberto Bruttomesso and Alessandro
                 Cimatti and Tommi Junttila and Silvio Ranise and Peter
                 van Rossum and Roberto Sebastiani",
  booktitle =    cav,
  title =        "Efficient Satisfiability Modulo Theories via Delayed
                 Theory Combination",
  editor =       "Kousha Etessami and Sriram K. Rajamani",
  series =       lncs,
  volume =       "3576",
  year =         "2005",
  pages =        "335--349",
  publisher =    "Springer",
}
